@article{doucet2001introduction,
  title        = {An Introduction to Sequential Monte {Carlo} Methods},
  author       = {Doucet, Arnaud and De Freitas, Nando and Gordon, Neil},
  journal      = {Sequential Monte {Carlo} Methods in Practice},
  pages        = {3--14},
  year         = 2001,
  publisher    = {Springer}
}

@book{jazwinski2007stochastic,
  title        = {Stochastic Processes and Filtering Theory},
  author       = {Jazwinski, Andrew H},
  year         = 2007,
  publisher    = {Courier Corporation}
}

@article{shepard1999filtering,
  title        = {Filtering via Simulation: Auxiliary Particle Filter},
  author       = {Shepard, N and Pitt, MK},
  journal      = {Journal of the American Statistical Association},
  volume       = 94,
  pages        = {590--599},
  year         = 1999
}

@book{edition2013bayesian,
  title        = {Bayesian Data Analysis},
  author       = {Gelman, Andrew and Carlin, JB and Stern, HS},
  year         = 2013,
  publisher    = {CRC Press}
}

@book{these-hesterberg,
  title        = {Advances in Importance Sampling},
  author       = {Hesterberg, Timothy Classen},
  year         = 1988,
  publisher    = {Stanford University}
}

@book{rao1973linear,
  title        = {Linear Statistical Inference and Its Applications},
  author       = {Rao, Calyampudi Radhakrishna},
  year         = 1973,
  publisher    = {Wiley New York},
  volume       = 2
}

@inproceedings{maddison2016concrete,
  title        = {The Concrete Distribution: A Continuous Relaxation of Discrete Random Variables},
  author       = {Maddison, Chris J and Mnih, Andriy and Teh, Yee Whye},
  booktitle    = {International Conference on Learning Representations (ICLR 2017)},
  year         = 2017
}

@inproceedings{jang2016categorical,
  title        = {Categorical Reparametrization with Gumble-Softmax},
  author       = {Jang, Eric and Gu, Shixiang and Poole, Ben},
  booktitle    = {International Conference on Learning Representations (ICLR 2017)},
  year         = 2017
}

@book{gumbel1948statistical,
  title        = {Statistical Theory of Extreme Values and Some Practical Applications: A Series of Lectures},
  author       = {Gumbel, Emil Julius},
  year         = 1948,
  publisher    = {US Government Printing Office},
  volume       = 33
}

@inproceedings{maddison2014sampling,
  title        = {A* Sampling},
  author       = {Maddison, Chris J and Tarlow, Daniel and Minka, Tom},
  booktitle    = {Proceedings of the 27th International Conference on Neural Information Processing Systems},
  pages        = {3086--3094},
  year         = 2014
}

@article{huijben2022review,
  title        = {A Review of the Gumbel-Max Trick and Its Extensions for Discrete Stochasticity in Machine Learning},
  author       = {Huijben, Iris AM and Kool, Wouter and Paulus, Max B and Van Sloun, Ruud JG},
  journal      = {IEEE Transactions on Pattern Analysis and Machine Intelligence},
  volume       = 45,
  number       = 2,
  pages        = {1353--1371},
  year         = 2022,
  publisher    = {IEEE}
}

@article{lecun2015deep,
  title        = {Deep Learning},
  author       = {LeCun, Yann and Bengio, Yoshua and Hinton, Geoffrey},
  journal      = {Nature},
  volume       = 521,
  number       = 7553,
  pages        = {436--444},
  year         = 2015,
  publisher    = {Nature Publishing Group UK London}
}

@inproceedings{gangloff2021general,
  title        = {A General Parametrization Framework for Pairwise {Markov} Models: An Application to Unsupervised Image Segmentation},
  author       = {Gangloff, Hugo and Morales, Katherine and Petetin, Yohan},
  booktitle    = {2021 IEEE 31st International Workshop on Machine Learning for Signal Processing (MLSP)},
  pages        = {1--6},
  year         = 2021,
  organization = {IEEE}
}

@article{morales2022pairwise,
  title        = {Pairwise {Markov} Chains as Generative Models},
  author       = {Morales, Katherine and Petetin, Yohan},
  journal      = {Colloque GRETSI 2022},
  pages        = {649--652},
  year         = 2022,
  organization = {GRETSI - Groupe de Recherche en Traitement du Signal et des Images}
}

@article{gangloff2022chaines,
  title        = {Cha{\^\i}nes de {Markov} Cach{\'e}es {\`a} Bruit G{\'e}n{\'e}ralis{\'e}},
  author       = {Gangloff, Hugo and Morales, Katherine and Petetin, Yohan},
  journal      = {Colloque GRETSI 2022},
  pages        = {17--20},
  year         = 2022,
  organization = {GRETSI - Groupe de Recherche en Traitement du Signal et des Images}
}

@inproceedings{morales2023probabilistic,
  title        = {A Probabilistic Semi-Supervised Approach with Triplet {Markov} Chains},
  author       = {Morales, Katherine and Petetin, Yohan},
  booktitle    = {2023 IEEE 33rd International Workshop on Machine Learning for Signal Processing (MLSP)},
  pages        = {1--6},
  year         = 2023,
  doi          = {10.1109/MLSP55844.2023.10285889}
}

@article{gangloff2023deep,
  title        = {Deep Parameterizations of Pairwise and Triplet {Markov} Models for Unsupervised Classification of Sequential Data},
  author       = {Gangloff, Hugo and Morales, Katherine and Petetin, Yohan},
  journal      = {Computational Statistics \& Data Analysis},
  volume       = 180,
  pages        = 107663,
  year         = 2023,
  publisher    = {Elsevier}
}

@article{rafieian2014atherosclerosis,
  title        = {Atherosclerosis: Process, Indicators, Risk Factors and New Hopes},
  author       = {Rafieian-Kopaei, Mahmoud and Setorki, Mahbubeh and Doudi, Monir and Baradaran, Azar and Nasri, Hamid},
  journal      = {International Journal of Preventive Medicine},
  volume       = 5,
  number       = 8,
  pages        = 927,
  year         = 2014,
  publisher    = {Wolters Kluwer--Medknow Publications}
}

@article{kuntz2021co,
  title        = {Co-Registration of Peripheral Atherosclerotic Plaques Assessed by Conventional CT Angiography, MicroCT and Histology in Patients with Chronic Limb Threatening Ischaemia},
  author       = {Kuntz, Salom{\'e} H and Jinnouchi, Hiroyuki and Kutyna, Matthew and Torii, Sho and Cornelissen, Anne and Sakamoto, Atsushi and Sato, Yu and Fuller, Daniela T and Schwein, Adeline and Ohana, Mickael and others},
  journal      = {European Journal of Vascular and Endovascular Surgery},
  volume       = 61,
  number       = 1,
  pages        = {146--154},
  year         = 2021,
  publisher    = {Elsevier}
}

@article{lazzini2009cardiovascular,
  title        = {Cardiovascular Disease: An Economical Perspective},
  author       = {Lazzini, Arianna and Lazzini, S},
  journal      = {Current Pharmaceutical Design},
  volume       = 15,
  number       = 10,
  pages        = {1142--1156},
  year         = 2009,
  publisher    = {Bentham Science Publishers}
}

@article{insull2009pathology,
  title        = {The Pathology of Atherosclerosis: Plaque Development and Plaque Responses to Medical Treatment},
  author       = {Insull Jr, William},
  journal      = {The American Journal of Medicine},
  volume       = 122,
  number       = 1,
  pages        = {S3--S14},
  year         = 2009,
  publisher    = {Elsevier}
}

@online{intro_athero,
  title        = {Peripheral Arterial Disease},
  author       = {Dr. O'Brien},
  year         = 2021,
  url          = {http://vascularsurgeon.ie/peripheral-arterial-disease-pad/}
}

@phdthesis{gangloff2020probabilistic,
  title        = {Probabilistic Models for Image Processing: Applications in Vascular Surgery},
  author       = {Gangloff, Hugo},
  year         = 2020,
  school       = {Strasbourg}
}

@article{li2021review,
  title        = {A Review of the Deep Learning Methods for Medical Images Super Resolution Problems},
  author       = {Li, Y and Sixou, Bruno and Peyrin, F},
  journal      = {Irbm},
  volume       = 42,
  number       = 2,
  pages        = {120--133},
  year         = 2021,
  publisher    = {Elsevier}
}

@inproceedings{ronneberger2015u,
  title        = {U-net: Convolutional Networks for Biomedical Image Segmentation},
  author       = {Ronneberger, Olaf and Fischer, Philipp and Brox, Thomas},
  booktitle    = {Medical Image Computing and Computer-Assisted Intervention--MICCAI 2015: 18th International Conference, Munich, Germany, October 5-9, 2015, Proceedings, Part III 18},
  pages        = {234--241},
  year         = 2015,
  organization = {Springer}
}

@article{torii2019histopathologic,
  title        = {Histopathologic Characterization of Peripheral Arteries in Subjects with Abundant Risk Factors: Correlating Imaging with Pathology},
  author       = {Torii, Sho and Mustapha, Jihad A and Narula, Jagat and Mori, Hiroyoshi and Saab, Fadi and Jinnouchi, Hiroyuki and Yahagi, Kazuyuki and Sakamoto, Atsushi and Romero, Maria E and Narula, Navneet and others},
  journal      = {JACC: Cardiovascular Imaging},
  volume       = 12,
  number       = {8 Part 1},
  pages        = {1501--1513},
  year         = 2019,
  publisher    = {American College of Cardiology Foundation Washington, DC}
}

@book{bishop2006pattern,
  title        = {Pattern Recognition and Machine Learning},
  author       = {Bishop, Christopher M and Nasrabadi, Nasser M},
  year         = 2006,
  publisher    = {Springer},
  volume       = 4,
  number       = 4
}

@book{goodfellow2016deep,
  title        = {Deep Learning},
  author       = {Goodfellow, Ian and Bengio, Yoshua and Courville, Aaron},
  year         = 2016,
  publisher    = {MIT Press}
}

@inproceedings{Hube67,
  title        = {The Behavior of Maximum Likelihood Estimates Under Nonstandard Condition},
  author       = {Huber, Peter J},
  booktitle    = {Proceedings of the Fifth Berkeley Symposium on Mathematical Statistics and Probability},
  pages        = {221--233},
  year         = 1967,
  publisher    = {University of California Press},
  address      = {Berkeley, CA, USA},
  editor       = {N.M. LeCam and J. Neyman}
}

@article{jaakkola2000bayesian,
  title        = {Bayesian Parameter Estimation via Variational Methods},
  author       = {Jaakkola, Tommi S and Jordan, Michael I},
  journal      = {Statistics and Computing},
  volume       = 10,
  pages        = {25--37},
  year         = 2000,
  publisher    = {Springer}
}

@inproceedings{chira2022image,
  title        = {Image Super-Resolution with Deep Variational Autoencoders},
  author       = {Chira, Darius and Haralampiev, Ilian and Winther, Ole and Dittadi, Andrea and Li{\'e}vin, Valentin},
  booktitle    = {European Conference on Computer Vision},
  pages        = {395--411},
  year         = 2022,
  organization = {Springer}
}

@article{pu2016variational,
  title        = {Variational Autoencoder for Deep Learning of Images, Labels and Captions},
  author       = {Pu, Yunchen and Gan, Zhe and Henao, Ricardo and Yuan, Xin and Li, Chunyuan and Stevens, Andrew and Carin, Lawrence},
  journal      = {Advances in Neural Information Processing Systems},
  volume       = 29,
  year         = 2016
}

@inproceedings{xu2017variational,
  title        = {Variational Autoencoder for Semi-Supervised Text Classification},
  author       = {Xu, Weidi and Sun, Haoze and Deng, Chao and Tan, Ying},
  booktitle    = {Proceedings of the AAAI Conference on Artificial Intelligence},
  volume       = 31,
  number       = 1,
  year         = 2017
}

@article{an2015variational,
  title        = {Variational Autoencoder Based Anomaly Detection Using Reconstruction Probability},
  author       = {An, Jinwon and Cho, Sungzoon},
  journal      = {Special Lecture on IE},
  volume       = 2,
  number       = 1,
  pages        = {1--18},
  year         = 2015
}

@article{makhzani2015adversarial,
  title        = {Adversarial Autoencoders},
  author       = {Makhzani, Alireza and Shlens, Jonathon and Jaitly, Navdeep and Goodfellow, Ian and Frey, Brendan},
  journal      = {arXiv preprint arXiv:1511.05644},
  year         = 2015
}

@inproceedings{kim2018disentangling,
  title        = {Disentangling by Factorising},
  author       = {Kim, Hyunjik and Mnih, Andriy},
  booktitle    = {International Conference on Machine Learning},
  pages        = {2649--2658},
  year         = 2018,
  organization = {PMLR}
}

@inproceedings{chien2017stochastic,
  title        = {Stochastic Recurrent Neural Network for Speech Recognition},
  author       = {Chien, Jen-Tzung and Shen, Chen},
  booktitle    = {INTERSPEECH},
  pages        = {1313--1317},
  year         = 2017
}

@article{fraccaro2016sequential,
  title        = {Sequential Neural Models with Stochastic Layers},
  author       = {Fraccaro, Marco and S{\o}nderby, S{\o}ren Kaae and Paquet, Ulrich and Winther, Ole},
  journal      = {Advances in Neural Information Processing Systems},
  volume       = 29,
  year         = 2016
}

@inproceedings{bengio2013advances,
  title        = {Advances in Optimizing Recurrent Networks},
  author       = {Bengio, Yoshua and Boulanger-Lewandowski, Nicolas and Pascanu, Razvan},
  booktitle    = {2013 IEEE International Conference on Acoustics, Speech and Signal Processing},
  pages        = {8624--8628},
  year         = 2013,
  organization = {IEEE}
}

@article{lecun1998mnist,
  title        = {The {MNIST} Database of Handwritten Digits},
  author       = {LeCun, Yann},
  journal      = {http://yann.lecun.com/exdb/mnist/},
  year         = 1998
}

@article{Blei_2017,
  title        = {Variational Inference: A Review for Statisticians},
  author       = {Blei, David M and Kucukelbir, Alp and McAuliffe, Jon D},
  journal      = {Journal of the American Statistical Association},
  volume       = 112,
  number       = 518,
  pages        = {859--877},
  year         = 2017,
  month        = {Apr},
  publisher    = {Taylor \& Francis},
  doi          = {10.1080/01621459.2017.1285773},
  issn         = {1537-274X}
}

@article{binaryimg,
  title        = {Binary Shape},
  author       = {LEMS, Computer Vision Group},
  journal      = {https://vision.lems.brown.edu/content/available-software-and-databases}
}

@article{pagnoni2018conditional,
  title        = {Conditional Variational Autoencoder for Neural Machine Translation},
  author       = {Pagnoni, Artidoro and Liu, Kevin and Li, Shangyan},
  journal      = {preprint arXiv:1812.04405},
  year         = 2018
}

@article{akhiezer1965classical,
  title        = {The Classical Moment Problem, Hafner Publ},
  author       = {Akhiezer, NI},
  journal      = {Co., New York},
  pages        = {299--2},
  year         = 1965
}

@inproceedings{chen2019variational,
  title        = {Variational Sequential Labelers for Semi-Supervised Learning},
  author       = {Chen, Mingda and Tang, Qingming and Livescu, Karen and Gimpel, Kevin},
  booktitle    = {Proceedings of the 2018 Conference on Empirical Methods in Natural Language Processing},
  pages        = {215--226},
  year         = 2018,
  doi          = {10.18653/v1/D18-1020}
}

@inproceedings{butepage2019predicting,
  title        = {Predicting the What and How: A Probabilistic Semi-Supervised Approach to Multi-Task Human Activity Modeling},
  author       = {Butepage, Judith and Kjellstrom, Hedvig and Kragic, Danica},
  booktitle    = {Proceedings of the IEEE/CVF Conference on Computer Vision and Pattern Recognition Workshops},
  pages        = {0--0},
  year         = 2019
}

@article{andriyash2018improved,
  title        = {Improved Gradient-Based Optimization over Discrete Distributions},
  author       = {Andriyash, Evgeny and Vahdat, Arash and Macready, Bill},
  journal      = {preprint arXiv:1810.00116},
  year         = 2018
}

@article{gevers1978innovations,
  title        = {An Innovation Approach to the Discrete-Time Stochastic Realization Problem},
  author       = {Gevers, Michel and Wouters, WRE},
  journal      = {Journal A},
  volume       = 19,
  number       = 2,
  pages        = {90--110},
  year         = 1978
}

@book{brockett2015finite,
  title        = {Finite Dimensional Linear Systems},
  author       = {Brockett, Roger W},
  year         = 2015,
  publisher    = {SIAM}
}

@inproceedings{salaun2019comparing,
  title        = {Comparing the Modeling Powers of RNN and HMM},
  author       = {Sala{\"u}n, Achille and Petetin, Yohan and Desbouvries, Fran{\c{c}}ois},
  booktitle    = {2019 18th IEEE International Conference on Machine Learning And Applications (ICMLA)},
  pages        = {1496--1499},
  year         = 2019,
  organization = {IEEE}
}

@inproceedings{mikolov2014learning,
  title        = {Learning Longer Memory in Recurrent Neural Networks},
  author       = {Mikolov, T. and Joulin, A. and Chopra, S. and Mathieu, M. and Ranzato, M.-A.},
  booktitle    = {3rd International Conference on Learning Representations, {ICLR} 2015, San Diego, CA, USA, May 7-9, 2015, Workshop Track Proceedings},
  year         = 2015
}

@article{boudaren2016dempster,
  title        = {{D}empster--{S}hafer Fusion of Evidential Pairwise {M}arkov Chains},
  author       = {Boudaren, M. E.-Y. and Pieczynski, W.},
  journal      = {IEEE Transactions on Fuzzy Systems},
  volume       = 24,
  number       = 6,
  pages        = {1598--1610},
  year         = 2016,
  publisher    = {IEEE}
}

@article{derrode2004signal,
  title        = {Signal and Image Segmentation Using Pairwise {M}arkov Chains},
  author       = {Derrode, S. and Pieczynski, W.},
  journal      = {IEEE Transactions on Signal Processing},
  volume       = 52,
  number       = 9,
  pages        = {2477--2489},
  year         = 2004,
  publisher    = {IEEE}
}

@article{derrode2013unsupervised,
  title        = {Unsupervised Data Classification Using Pairwise {M}arkov Chains with Automatic Copulas Selection},
  author       = {Derrode, S. and Pieczynski, W.},
  journal      = {Computational Statistics \& Data Analysis},
  volume       = 63,
  pages        = {81--98},
  year         = 2013,
  publisher    = {Elsevier}
}

@inproceedings{chung2015recurrent,
  title        = {A Recurrent Latent Variable Model for Sequential Data},
  author       = {Chung, J. and Kastner, K. and Dinh, L. and Goel, K. and Courville, A. C. and Bengio, Y.},
  booktitle    = {Advances in Neural Information Processing Systems 28: Annual Conference on Neural Information Processing Systems},
  pages        = {2980--2988},
  year         = 2015
}

@inproceedings{gregor2015draw,
  title        = {{DRAW:} {A} Recurrent Neural Network For Image Generation},
  author       = {Gregor, K. and Danihelka, I. and Graves, A. and Rezende, D. and Wierstra, D.},
  booktitle    = {Proceedings of the 32nd International Conference on Machine Learning, {ICML}},
  pages        = {1462--1471},
  year         = 2015,
  publisher    = {JMLR.org},
  series       = {{JMLR} Workshop and Conference Proceedings},
  volume       = 37
}

@article{ruder2016overview,
  title        = {An Overview of Gradient Descent Optimization Algorithms},
  author       = {Ruder, Sebastian},
  journal      = {preprint arXiv:1609.04747},
  year         = 2016
}

@book{eliason1993maximum,
  title        = {Maximum Likelihood Estimation: Logic and Practice},
  author       = {Eliason, Scott R},
  year         = 1993,
  publisher    = {Sage},
  number       = 96
}

@article{lehmann2020suboptimal,
  title        = {Suboptimal {K}alman Filtering in Triplet {Markov} Models Using Model Order Reduction},
  author       = {Lehmann, F. and Pieczynski, W.},
  journal      = {IEEE Signal Processing Letters},
  volume       = 27,
  pages        = {1100--1104},
  year         = 2020,
  publisher    = {IEEE}
}

@article{gales2008application,
  title        = {The Application of Hidden {Markov} Models in Speech Recognition},
  author       = {Gales, Mark and Young, Steve and others},
  journal      = {Foundations and Trends in Signal Processing},
  volume       = 1,
  number       = 3,
  pages        = {195--304},
  year         = 2008,
  publisher    = {Now Publishers, Inc.}
}

@inproceedings{yang2011corpus,
  title        = {Corpus-Guided Sentence Generation of Natural Images},
  author       = {Yang, Yezhou and Teo, Ching and Daum{\'e} III, Hal and Aloimonos, Yiannis},
  booktitle    = {Proceedings of the 2011 Conference on Empirical Methods in Natural Language Processing},
  pages        = {444--454},
  year         = 2011
}

@article{morwal2012named,
  title        = {Named Entity Recognition Using Hidden {Markov} Model (HMM)},
  author       = {Morwal, Sudha and Jahan, Nusrat and Chopra, Deepti},
  journal      = {International Journal on Natural Language Computing (IJNLC)},
  volume       = 1,
  year         = 2012
}

@inproceedings{collobert2008unified,
  title        = {A Unified Architecture for Natural Language Processing: Deep Neural Networks with Multitask Learning},
  author       = {Collobert, R. and Weston, J.},
  booktitle    = {Machine Learning, Proceedings of the Twenty-Fifth International Conference},
  pages        = {160--167},
  year         = 2008,
  publisher    = {{ACM}},
  series       = {{ACM} International Conference Proceeding Series},
  volume       = 307
}

@article{goldberg2017neural,
  title        = {Neural Network Methods for Natural Language Processing},
  author       = {Goldberg, Y.},
  journal      = {Synthesis Lectures on Human Language Technologies},
  volume       = 10,
  number       = 1,
  pages        = {1--309},
  year         = 2017,
  publisher    = {Morgan \& Claypool Publishers}
}

@inproceedings{fu2017look,
  title        = {Look Closer to See Better: Recurrent Attention Convolutional Neural Network for Fine-Grained Image Recognition},
  author       = {Fu, J. and Zheng, H. and Mei, T.},
  booktitle    = {Proceedings of the IEEE Conference on Computer Vision and Pattern Recognition},
  pages        = {4438--4446},
  year         = 2017
}


@article{traore2018deep,
	title        = {Deep convolution neural network for image recognition},
	author       = {Traore, B. B. and Kamsu-Foguem, B. and Tangara, F.},
	year         = 2018,
	journal      = {Ecological Informatics},
	publisher    = {Elsevier},
	volume       = 48,
	pages        = {257--268}
}
@inproceedings{zheng2017learning,
	title        = {Learning multi-attention convolutional neural network for fine-grained image recognition},
	author       = {Zheng, H. and Fu, J. and Mei, T. and Luo, J.},
	year         = 2017,
	booktitle    = {Proceedings of the IEEE international conference on computer vision},
	pages        = {5209--5217}
}
@inproceedings{deng2013new,
	title        = {New types of deep neural network learning for speech recognition and related applications: An overview},
	author       = {Deng, L. and Hinton, G. and Kingsbury, B.},
	year         = 2013,
	booktitle    = {2013 IEEE international conference on acoustics, speech and signal processing},
	pages        = {8599--8603},
	organization = {IEEE}
}
@inproceedings{chan2016listen,
	title        = {Listen, attend and spell: A neural network for large vocabulary conversational speech recognition},
	author       = {Chan, W. and Jaitly, N. and Le, Q. and Vinyals, O.},
	year         = 2016,
	booktitle    = {2016 IEEE International Conference on Acoustics, Speech and Signal Processing (ICASSP)},
	pages        = {4960--4964},
	organization = {IEEE}
}
@inproceedings{abdel2013exploring,
	title        = {Exploring Convolutional Neural Network Structures and Optimization Techniques for Speech Recognition},
	author       = {Abdel-Hamid, O. and Deng, L. and Yu, D.},
	year         = 2013,
	month        = {August},
	booktitle    = {Interspeech 2013},
	publisher    = {ISCA},
	edition      = {Interspeech 2013}
}


@inproceedings{liang2016deep,
  title={Why Deep Neural Networks for Function Approximation?},
  author={Liang, Shiyu and Srikant, R},
  booktitle={International Conference on Learning Representations},
  year={2016}
}

@article{cybenko1989approximation,
	title        = {Approximation by superpositions of a sigmoidal function},
	author       = {Cybenko, George},
	year         = 1989,
	journal      = {Mathematics of control, signals and systems},
	publisher    = {Springer},
	volume       = 2,
	number       = 4,
	pages        = {303--314}
}
@article{hornik1989multilayer,
	title        = {Multilayer feedforward networks are universal approximators},
	author       = {Hornik, K. and Stinchcombe, M. and White, H.},
	year         = 1989,
	journal      = {Neural Networks},
	publisher    = {Elsevier},
	volume       = 2,
	number       = 5,
	pages        = {359--366},
	issn         = {0893-6080},
	keywords     = {Feedforward networks, Universal approximation, Mapping networks, Network representation capability, Stone-Weierstrass Theorem, Squashing functions, Sigma-Pi networks, Back-propagation networks}
}
@article{hornik1991approximation,
	title        = {Approximation capabilities of multilayer feedforward networks},
	author       = {Hornik, Kurt},
	year         = 1991,
	journal      = {Neural networks},
	publisher    = {Elsevier},
	volume       = 4,
	number       = 2,
	pages        = {251--257}
}
@article{lu2017expressive,
	title        = {The expressive power of neural networks: a view from the width},
	author       = {Lu, Zhou and Pu, Hongming and Wang, Feicheng and Hu, Zhiqiang and Wang, Liwei},
	year         = 2017,
	journal      = {Advances in neural information processing systems},
	volume       = 30
}
@misc{rumelhart1985learning,
	title        = {Learning internal representations by error propagation},
	author       = {Rumelhart, David E and Hinton, Geoffrey E and Williams, Ronald J and others},
	year         = 1985,
	howpublished = {Technical report, California University San Diego La Jolla Institute for Cognitive Science},
	publisher    = {Institute for Cognitive Science, University of California, San Diego La~…}
}
@incollection{hecht1992theory,
	title        = {Theory of the backpropagation neural network},
	author       = {Hecht-Nielsen, Robert},
	year         = 1992,
	booktitle    = {Neural networks for perception},
	publisher    = {Elsevier},
	pages        = {65--93}
}
@article{gorynin2018assessing,
	title        = {Assessing the segmentation performance of pairwise and triplet {M}arkov {M}odels},
	author       = {Gorynin, I. and Gangloff, H. and Monfrini, E. and Pieczynski, W.},
	year         = 2018,
	journal      = {Signal Processing},
	publisher    = {Elsevier},
	volume       = 145,
	pages        = {183--192}
}
@article{derrode2016unsupervised,
	title        = {{Unsupervised classification using {H}idden {M}arkov chain with unknown noise copulas and margins}},
	author       = {Derrode, S. and Pieczynski, W.},
	year         = 2016,
	journal      = {{Signal Processing}},
	publisher    = {{Elsevier}},
	volume       = 128,
	number       = 11,
	pages        = {8--17}
}
@article{lanchantin2011unsupervised,
	title        = {Unsupervised segmentation of randomly switching data hidden with non-{G}aussian correlated noise},
	author       = {Lanchantin, Pierre and Lapuyade-Lahorgue, J{\'e}r{\^o}me and Pieczynski, Wojciech},
	year         = 2011,
	journal      = {Signal Processing},
	publisher    = {Elsevier},
	volume       = 91,
	number       = 2,
	pages        = {163--175}
}
@article{besag1986statistical,
	title        = {On the statistical analysis of dirty pictures},
	author       = {Besag, Julian},
	year         = 1986,
	journal      = {Journal of the Royal Statistical Society: Series B (Methodological)},
	publisher    = {Wiley Online Library},
	volume       = 48,
	number       = 3,
	pages        = {259--279}
}
@article{marroquin1987probabilistic,
	title        = {Probabilistic solution of ill-posed problems in computational vision},
	author       = {Marroquin, J. and Mitter, S. and Poggio, T.},
	year         = 1987,
	journal      = {Journal of the American statistical association},
	publisher    = {Taylor \& Francis Group},
	volume       = 82,
	number       = 397,
	pages        = {76--89}
}
@inproceedings{erhan2010does,
	title        = {Why Does Unsupervised Pre-training Help Deep Learning?},
	author       = {Erhan, D. and Courville, A. and Bengio, Y. and Vincent, P.},
	year         = 2010,
	booktitle    = {Proceedings of the Thirteenth International Conference on Artificial Intelligence and Statistics, {AISTATS}},
	publisher    = {JMLR.org},
	series       = {{JMLR} Proceedings},
	volume       = 9,
	pages        = {201--208}
}
@inproceedings{yu2011improved,
	title        = {Improved bottleneck features using pretrained deep neural networks},
	author       = {Yu, Dong and Seltzer, Michael L},
	year         = 2011,
	booktitle    = {Twelfth annual conference of the international speech communication association}
}
@article{pinkus1999approximation,
	title        = {Approximation theory of the {MLP} model in neural networks},
	author       = {Pinkus, A.},
	year         = 1999,
	journal      = {Acta numerica},
	publisher    = {Cambridge University Press},
	volume       = 8,
	pages        = {143--195}
}
@article{xu1996convergence,
	title        = {On convergence properties of the {EM} algorithm for {G}aussian mixtures},
	author       = {Xu, L. and Jordan, M. I.},
	year         = 1996,
	journal      = {Neural computation},
	publisher    = {MIT Press},
	volume       = 8,
	number       = 1,
	pages        = {129--151}
}
@article{pieczynski2003pairwise,
	title        = {Pairwise {M}arkov chains},
	author       = {Pieczynski, W.},
	year         = 2003,
	journal      = {IEEE Transactions on pattern analysis and machine intelligence},
	publisher    = {IEEE},
	volume       = 25,
	number       = 5,
	pages        = {634--639}
}
@article{khreich2012survey,
	title        = {A survey of techniques for incremental learning of HMM parameters},
	author       = {Khreich, Wael and Granger, Eric and Miri, Ali and Sabourin, Robert},
	year         = 2012,
	journal      = {Information Sciences},
	publisher    = {Elsevier},
	volume       = 197,
	pages        = {105--130}
}
@article{baum1970maximization,
	title        = {A maximization technique occurring in the statistical analysis of probabilistic functions of {M}arkov chains},
	author       = {Baum, L. E and Petrie, T. and Soules, G. and Weiss, N.},
	year         = 1970,
	journal      = {The annals of mathematical statistics},
	publisher    = {JSTOR},
	volume       = 41,
	number       = 1,
	pages        = {164--171}
}
@article{courbot2019pairwise,
	title        = {Pairwise {M}arkov fields for segmentation in astronomical hyperspectral images},
	author       = {Courbot, J.-B. and Mazet, V. and Monfrini, E. and Collet, C.},
	year         = 2019,
	journal      = {Signal Processing},
	publisher    = {Elsevier},
	volume       = 163,
	pages        = {41--48}
}
@inproceedings{arthur2007k,
	title        = {K-means++: The advantages of careful seeding},
	author       = {Arthur, D. and Vassilvitskii, S.},
	year         = 2007,
	booktitle    = {Proceedings of the 18th ACM-SIAM symposium on Discrete algorithms},
	pages        = {1027--1035}
}
@book{rue2005gaussian,
	title        = {{G}aussian {M}arkov random fields: theory and applications},
	author       = {Rue, H. and Held, L.},
	year         = 2005,
	publisher    = {CRC press}
}
@article{gangloff2021unsupervised,
	title        = {Unsupervised image segmentation with Gaussian Pairwise {M}arkov Fields},
	author       = {Gangloff, H. and Courbot, J.-B. and Monfrini, E. and Collet, C.},
	year         = 2021,
	journal      = {Computational Statistics \& Data Analysis},
	publisher    = {Elsevier},
	volume       = 158,
	pages        = 107178
}
@article{pieczynski2007multisensor,
	title        = {Multisensor triplet {M}arkov chains and theory of evidence},
	author       = {Pieczynski, W.},
	year         = 2007,
	journal      = {International Journal of Approximate Reasoning},
	publisher    = {Elsevier},
	volume       = 45,
	number       = 1,
	pages        = {1--16}
}
@book{sagan2012space,
	title        = {Space-filling curves},
	author       = {Sagan, Hans},
	year         = 2012,
	publisher    = {Springer Science \& Business Media}
}


@article{yahiaoui2016markov,
	title        = {{M}arkov chains for unsupervised segmentation of degraded {NIR} iris images for person recognition},
	author       = {Yahiaoui, M. and Monfrini, E. and Dorizzi, B.},
	year         = 2016,
	journal      = {Pattern Recognition Letters},
	publisher    = {Elsevier},
	volume       = 82,
	pages        = {116--123}
}
@article{bricq2008unifying,
	title        = {Unifying framework for multimodal brain {MRI} segmentation based on {H}idden {M}arkov chains},
	author       = {Bricq, S. and Collet, C. and Armspach, J.-P.},
	year         = 2008,
	journal      = {Medical image analysis},
	publisher    = {Elsevier},
	volume       = 12,
	number       = 6,
	pages        = {639--652}
}
@article{johnson2016composing,
	title        = {Composing graphical models with neural networks for structured representations and fast inference},
	author       = {Johnson, M. J. and Duvenaud, D. and Wiltschko, A. B. and Datta, S. R. and Adams, R. P.},
	year         = 2016,
	journal      = {arXiv preprint arXiv:1603.06277}
}
@article{tran2016unsupervised,
	title        = {Unsupervised neural {H}idden {M}arkov {M}odels},
	author       = {Tran, K. and Bisk, Y. and Vaswani, A. and Marcu, D. and Knight, Kevin},
	year         = 2016,
	journal      = {arXiv preprint arXiv:1609.09007}
}
@book{dymarski2011Hidden,
	title        = {{H}idden {M}arkov {M}odels: Theory and Applications},
	author       = {Dymarski, P.},
	year         = 2011,
	publisher    = {IntechOpen}
}
@article{balakrishnan2017statistical,
	title        = {Statistical guarantees for the {EM} algorithm: From population to sample-based analysis},
	author       = {Balakrishnan, S. and Wainwright, M. J. and Yu, B. and others},
	year         = 2017,
	journal      = {Annals of Statistics},
	publisher    = {Institute of Mathematical Statistics},
	volume       = 45,
	number       = 1,
	pages        = {77--120}
}
@article{dempster1977maximum,
	title        = {Maximum likelihood from incomplete data via the {EM} algorithm},
	author       = {Dempster, A. P. and Laird, N. M. and Rubin, D. B.},
	year         = 1977,
	journal      = {Journal of the Royal Statistical Society: Series B (Methodological)},
	publisher    = {Wiley Online Library},
	volume       = 39,
	number       = 1,
	pages        = {1--22}
}
@article{rabiner1989tutorial,
	title        = {A tutorial on {H}idden {M}arkov {M}odels and selected applications in speech recognition},
	author       = {Rabiner, L. R.},
	year         = 1989,
	journal      = {Proceedings of the IEEE},
	publisher    = {Ieee},
	volume       = 77,
	number       = 2,
	pages        = {257--286}
}
@article{rumelhart1986learning,
	title        = {Learning representations by back-propagating errors},
	author       = {Rumelhart, D. E. and Hinton, G. E. and Williams, R. J.},
	year         = 1986,
	journal      = {Nature},
	publisher    = {Nature Publishing Group},
	volume       = 323,
	number       = 6088,
	pages        = {533--536}
}
@article{derrode-wp-sp,
	title        = {Signal and image segmentation using Pairwise {M}arkov chains},
	author       = {S. Derrode and W. Pieczynski},
	year         = 2004,
	journal      = {IEEE Transactions on Signal Processing},
	volume       = 52,
	number       = 9,
	pages        = {2477--89}
}



@inproceedings{bayer2015learning,
  title={Learning Stochastic Recurrent Networks},
  author={Bayer, Justin and Osendorfer, Christian},
  booktitle={NIPS 2014 Workshop on Advances in Variational Inference},
  year={2014}
}

@article{Artificial-tutorial,
	title        = {Artificial neural networks: a tutorial},
	author       = {A. K. {Jain} and  {Jianchang Mao} and K. M. {Mohiuddin}},
	year         = 1996,
	journal      = {Computer},
	volume       = 29,
	number       = 3,
	pages        = {31--44},
	doi          = {10.1109/2.485891}
}
@book{Intro-NN,
	title        = {An  Introduction to Neural Networks},
	author       = {Gurney, K.},
	year         = 1997,
	publisher    = {Taylor \& Francis, Inc.},
	address      = {USA},
	isbn         = 1857286731
}
@article{wp-cras-chaines3,
	title        = {Chaines de {M}arkov Triplet},
	author       = {W. Pieczynski},
	year         = 2002,
	journal      = {Comptes Rendus de l'Academie des Sciences - Mathematiques},
	volume       = 335,
	pages        = {275--278},
	note         = {in French}
}
@inproceedings{lai2017deep,
	title        = {Deep laplacian pyramid networks for fast and accurate super-resolution},
	author       = {Lai, Wei-Sheng and Huang, Jia-Bin and Ahuja, Narendra and Yang, Ming-Hsuan},
	year         = 2017,
	booktitle    = {Proceedings of the IEEE conference on computer vision and pattern recognition},
	pages        = {624--632}
}
@article{kohl2018probabilistic,
	title        = {A probabilistic {U}-net for segmentation of ambiguous images},
	author       = {Kohl, Simon and Romera-Paredes, Bernardino and Meyer, Clemens and De Fauw, Jeffrey and Ledsam, Joseph R and Maier-Hein, Klaus and Eslami, SM and Jimenez Rezende, Danilo and Ronneberger, Olaf},
	year         = 2018,
	journal      = {Advances in neural information processing systems},
	volume       = 31
}
@inproceedings{ganeshaaraj2022semantic,
	title        = {Semantic Segmentation of Micro-CT Images to Analyze Bone Ingrowth into Biodegradable Scaffolds},
	author       = {Ganeshaaraj, G and Kaushalya, S and Kondarage, AI and Karunaratne, A and Jones, JR and Nanayakkara, ND},
	year         = 2022,
	booktitle    = {2022 44th Annual International Conference of the IEEE Engineering in Medicine \& Biology Society (EMBC)},
	pages        = {3830--3833},
	organization = {IEEE}
}
@inproceedings{sriram2020multilevel,
	title        = {Multilevel UNet for pancreas segmentation from non-contrast CT scans through domain adaptation},
	author       = {Sriram, Sai Aditya and Paul, Angshuman and Zhu, Yingying and Sandfort, Veit and Pickhardt, Perry J and Summers, Ronald M},
	year         = 2020,
	booktitle    = {Medical Imaging 2020: Computer-Aided Diagnosis},
	volume       = 11314,
	pages        = {116--121},
	organization = {SPIE}
}
@article{caron2023segmentation,
	title        = {Segmentation of trabecular bone microdamage in Xray microCT images using a two-step deep learning method},
	author       = {Caron, Rodrigue and Londono, Ir{\`e}ne and Seoud, Lama and Villemure, Isabelle},
	year         = 2023,
	journal      = {Journal of the Mechanical Behavior of Biomedical Materials},
	publisher    = {Elsevier},
	volume       = 137,
	pages        = 105540
}
@article{lai2018fast,
	title        = {Fast and accurate image super-resolution with deep laplacian pyramid networks},
	author       = {Lai, Wei-Sheng and Huang, Jia-Bin and Ahuja, Narendra and Yang, Ming-Hsuan},
	year         = 2018,
	journal      = {IEEE transactions on pattern analysis and machine intelligence},
	publisher    = {IEEE},
	volume       = 41,
	number       = 11,
	pages        = {2599--2613}
}
@article{dong2015image,
	title        = {Image super-resolution using deep convolutional networks},
	author       = {Dong, Chao and Loy, Chen Change and He, Kaiming and Tang, Xiaoou},
	year         = 2015,
	journal      = {IEEE transactions on pattern analysis and machine intelligence},
	publisher    = {IEEE},
	volume       = 38,
	number       = 2,
	pages        = {295--307}
}
@inproceedings{kim2016accurate,
	title        = {Accurate image super-resolution using very deep convolutional networks},
	author       = {Kim, Jiwon and Lee, Jung Kwon and Lee, Kyoung Mu},
	year         = 2016,
	booktitle    = {Proceedings of the IEEE conference on computer vision and pattern recognition},
	pages        = {1646--1654}
}
@inproceedings{dong2016accelerating,
	title        = {Accelerating the super-resolution convolutional neural network},
	author       = {Dong, Chao and Loy, Chen Change and Tang, Xiaoou},
	year         = 2016,
	booktitle    = {Computer Vision--ECCV 2016: 14th European Conference, Amsterdam, The Netherlands, October 11-14, 2016, Proceedings, Part II 14},
	pages        = {391--407},
	organization = {Springer}
}
@inproceedings{hyun2020varsr,
	title        = {{VarSR}: Variational super-resolution network for very low resolution images},
	author       = {Hyun, Sangeek and Heo, Jae-Pil},
	year         = 2020,
	booktitle    = {European Conference on Computer Vision},
	pages        = {431--447},
	organization = {Springer}
}
@article{gatopoulos2020super,
	title        = {Super-resolution variational auto-encoders},
	author       = {Gatopoulos, Ioannis and Stol, Maarten and Tomczak, Jakub M},
	year         = 2020,
	journal      = {preprint arXiv:2006.05218}
}
@inproceedings{liu2020unsupervised,
	title        = {Unsupervised real image super-resolution via generative variational autoencoder},
	author       = {Liu, Zhi-Song and Siu, Wan-Chi and Wang, Li-Wen and Li, Chu-Tak and Cani, Marie-Paule},
	year         = 2020,
	booktitle    = {Proceedings of the IEEE/CVF conference on computer vision and pattern recognition workshops},
	pages        = {442--443}
}
@inproceedings{appati2023deep,
	title        = {Deep Residual Variational Autoencoder for Image Super-Resolution},
	author       = {Appati, Justice Kwame and Gyamenah, Pius and Owusu, Ebenezer and Yaokumah, Winfred},
	year         = 2023,
	booktitle    = {International Conference on Information, Communication and Computing Technology},
	pages        = {91--103},
	organization = {Springer}
}
@inproceedings{kingma2014,
	title        = {Auto-encoding variational {B}ayes},
	author       = {Kingma, D. P. and Welling, M.},
	year         = 2014,
	booktitle    = {2nd International Conference on Learning Representations, {ICLR 2024}}
}
@article{ye2021learning,
	title        = {Learning joint latent representations based on information maximization},
	author       = {Fei Ye and Adrian. G. Bors},
	year         = 2021,
	journal      = {Information Sciences},
	volume       = 567,
	pages        = {216--236},
	doi          = {https://doi.org/10.1016/j.ins.2021.03.007},
	issn         = {0020-0255},
	url          = {https://www.sciencedirect.com/science/article/pii/S0020025521002449},
	keywords     = {Disentangled learning, Variational Autoencoders (VAE), Generative Adversarial Nets (GAN), Representation learning, Mutual Information}
}
@inproceedings{klys2018learning,
	title        = {Learning Latent Subspaces in Variational Autoencoders},
	author       = {Klys, J. and Snell, J. and Zemel, R.},
	year         = 2018,
	booktitle    = {Advances in Neural Information Processing Systems 31: Annual Conference on Neural Information Processing Systems},
	pages        = {6445--6455}
}
@inproceedings{kumar2021learning,
	title        = {Learning Robust Latent Representations for Controllable Speech Synthesis},
	author       = {Kumar, S. and Pradeep, J. and Zaidi, H.},
	year         = 2021,
	booktitle    = {Findings of the Association for Computational Linguistics: {ACL/IJCNLP}},
	publisher    = {Association for Computational Linguistics},
	series       = {Findings of {ACL}},
	volume       = {{ACL/IJCNLP} 2021},
	pages        = {3562--3575}
}
@inproceedings{yan2019domain,
	title        = {The domain shift problem of medical image segmentation and vendor-adaptation by Unet-GAN},
	author       = {Yan, Wenjun and Wang, Yuanyuan and Gu, Shengjia and Huang, Lu and Yan, Fuhua and Xia, Liming and Tao, Qian},
	year         = 2019,
	booktitle    = {Medical Image Computing and Computer Assisted Intervention--MICCAI 2019: 22nd International Conference, Shenzhen, China, October 13--17, 2019, Proceedings, Part II 22},
	pages        = {623--631},
	organization = {Springer}
}
@inproceedings{higgins2017beta,
	title        = {{B}eta-{VAE}: Learning Basic Visual Concepts with a Constrained Variational Framework},
	author       = {I. Higgins and L. Matthey and A. Pal and C. Burgess and X. Glorot and M. Botvinick and S. Mohamed and A. Lerchner},
	year         = 2017,
	booktitle    = {5th International Conference on Learning Representations, {ICLR}},
	publisher    = {OpenReview.net}
}
@article{SCARSELLI199815,
	title        = {Universal Approximation Using Feedforward Neural Networks: A Survey of Some Existing Methods, and Some New Results},
	author       = {Franco Scarselli and Ah {Chung Tsoi}},
	year         = 1998,
	journal      = {Neural Networks},
	volume       = 11,
	number       = 1,
	pages        = {15--37},
	doi          = {https://doi.org/10.1016/S0893-6080(97)00097-X},
	issn         = {0893-6080},
	url          = {https://www.sciencedirect.com/science/article/pii/S089360809700097X},
	keywords     = {Approximation by neural networks, Approximation of polynomials, Constructive approximation, Feedforward neural networks, Multilayer neural networks, Radial basis functions, Universal approximation}
}
@inproceedings{pieczynski2005triplet,
	title        = {On triplet {M}arkov chains},
	author       = {Pieczynski, W. and Desbouvries, F.},
	year         = 2005,
	booktitle    = {International Symposium on Applied Stochastic Models and Data Analysis, ({ASMDA})}
}
@article{burgess2018understanding,
	title        = {Understanding disentangling in $\beta $-VAE},
	author       = {Burgess, Christopher P and Higgins, Irina and Pal, Arka and Matthey, Loic and Watters, Nick and Desjardins, Guillaume and Lerchner, Alexander},
	year         = 2018,
	journal      = {arXiv preprint arXiv:1804.03599}
}
@article{doucet2009tutorial,
	title        = {A tutorial on particle filtering and smoothing: Fifteen years later},
	author       = {Doucet, A. and Johansen, A. M.},
	year         = 2009,
	journal      = {Handbook of nonlinear filtering},
	volume       = 12,
	number       = {656-704},
	pages        = 3
}
@article{kromp2020annotated,
	title        = {An annotated fluorescence image dataset for training nuclear segmentation methods},
	author       = {Kromp, F. and Bozsaky, E. and Rifatbegovic, F. and Fischer, L. and Ambros, M. and Berneder, M. and Weiss, T. and Lazic, D. and D{\"o}rr, W. and Hanbury, A. and others},
	year         = 2020,
	journal      = {Scientific Data},
	publisher    = {Nature Publishing Group},
	volume       = 7,
	number       = 1,
	pages        = {1--8}
}
@misc{jax2018github,
	title        = {{JAX}: composable transformations of {P}ython+{N}um{P}y programs},
	author       = {James Bradbury and Roy Frostig and Peter Hawkins and Matthew James Johnson and Chris Leary and Dougal Maclaurin and George Necula and Adam Paszke and Jake Vander{P}las and Skye Wanderman-{M}ilne and Qiao Zhang},
	year         = 2018,
	version      = {0.2.5}
}
@incollection{neal1998view,
	title        = {A view of the EM algorithm that justifies incremental, sparse, and other variants},
	author       = {Neal, Radford M and Hinton, Geoffrey E},
	year         = 1998,
	booktitle    = {Learning in graphical models},
	publisher    = {Springer},
	pages        = {355--368}
}
@article{lanchantin2004unsupervised,
	title        = {Unsupervised non stationary image segmentation using triplet {Markov} chains},
	author       = {Lanchantin, Pierre and Pieczynski, Wojciech},
	year         = 2004,
	journal      = {Advanced Concepts for Intelligent Vision Systems (ACVIS 04)}
}
@article{lanchantin2008unsupervised,
	title        = {Unsupervised segmentation of triplet {M}arkov chains hidden with long-memory noise},
	author       = {Lanchantin, P. and Lapuyade-Lahorgue, J. and Pieczynski, W.},
	year         = 2008,
	journal      = {Signal Processing},
	publisher    = {Elsevier},
	volume       = 88,
	number       = 5,
	pages        = {1134--1151}
}
@article{lapuyadelahorgue2010unsupervised,
	title        = {Unsupervised segmentation of new semi-{Markov} chains hidden with long dependence noise},
	author       = {Lapuyade-Lahorgue, J. and Pieczynski, W.},
	year         = 2010,
	month        = Nov,
	journal      = {Signal processing},
	publisher    = {Elsevier},
	volume       = 90,
	number       = 11,
	pages        = {2899--2910},
	doi          = {10.1016/j.sigpro.2010.04.008},
	url          = {https://hal.archives-ouvertes.fr/hal-01354783},
	hal_local_reference = 10525,
	keywords     = {Hidden semi-{Markov} chains ; Unsupervised signal segmentation ; Long dependence noise ; Iterative conditional estimation ; Unsupervised image segmentation},
	hal_id       = {hal-01354783},
	hal_version  = {v1}
}
@inproceedings{boudaren2017unsupervised,
	title        = {{Unsupervised segmentation of nonstationary data using triplet {Markov} chains}},
	author       = {Boudaren, M. E.-Y. and Monfrini, E. and B. Bey, K. and Habbouchi, A. and Pieczynski, W.},
	year         = 2017,
	month        = Apr,
	booktitle    = {{ICEIS 2017 : 19th International Conference on Enterprise Information Systems}},
	publisher    = {{Scitepress}},
	address      = {Porto, Portugal},
	volume       = 1,
	pages        = {405--414},
	doi          = {10.5220/0006276704050414},
	url          = {https://hal.archives-ouvertes.fr/hal-01548177},
	hal_local_reference = 17974,
	keywords     = {Data segmentation ; Hidden {Markov} chains ; Nonstationary data ; Signal processing ; Triplet {Markov} chains},
	hal_id       = {hal-01548177},
	hal_version  = {v1}
}
@inproceedings{kingma2014semi,
	title        = {Semi-supervised Learning with Deep Generative Models},
	author       = {Kingma, D. P. and Mohamed, S. and Rezende, D. J. and Welling, M.},
	year         = 2014,
	booktitle    = {Advances in Neural Information Processing Systems 27: Annual Conference on Neural Information Processing Systems},
	pages        = {3581--3589}
}
@inproceedings{morales2021variational,
	title        = {Variational {B}ayesian Inference for Pairwise {Markov} Models},
	author       = {Morales, K. and Petetin, Y.},
	year         = 2021,
	booktitle    = {2021 IEEE Statistical Signal Processing Workshop (SSP)},
	pages        = {251--255}
}
@inproceedings{gangloff2020unsupervised,
	title        = {Unsupervised segmentation of stents corrupted by artifacts in medical X-ray images},
	author       = {Gangloff, Hugo and Monfrini, Emmanuel and Collet, Christophe and Chakf{\'e}, Nabil},
	year         = 2020,
	booktitle    = {2020 Tenth International Conference on Image Processing Theory, Tools and Applications (IPTA)},
	pages        = {1--6},
	organization = {IEEE}
}


@inproceedings{kingma2014adam,
	title        = {Adam: A method for stochastic optimization},
	author       = {Kingma, Diederik P and Ba, Jimmy},
	year         = 2015,
	booktitle    = {Proceedings of the 3rd International Conference on Learning Representations (ICLR 2015)},
}



@inproceedings{pieczynski2005restoring,
	title        = {Restoring hidden non stationary process using triplet partially {Markov} chain with long memory noise},
	author       = {Pieczynski, Wojciech and Lanchantin, Pierre},
	year         = 2005,
	booktitle    = {IEEE/SP 13th Workshop on Statistical Signal Processing, 2005},
	pages        = {709--714},
	organization = {IEEE}
}
@article{han2021universal,
	title        = {Universal Physiological Representation Learning with Soft-Disentangled Rateless Autoencoders},
	author       = {Han, Mo and Ozdenizci, Ozan and Koike-Akino, Toshiaki and Wang, Ye and Erdogmus, Deniz},
	year         = 2021,
	journal      = {IEEE Journal of Biomedical and Health Informatics},
	publisher    = {IEEE}
}
@article{sohn2015learning,
	title        = {Learning structured output representation using deep conditional generative models},
	author       = {Sohn, Kihyuk and Lee, Honglak and Yan, Xinchen},
	year         = 2015,
	journal      = {Advances in neural information processing systems},
	volume       = 28,
	pages        = {3483--3491}
}
@article{White-MLE,
	title        = {Maximum Likelihood Estimation of Misspecified Models},
	author       = {White, H.},
	year         = 1982,
	journal      = {Econometrica},
	volume       = 50,
	number       = 1,
	pages        = {1--25}
}
@article{Douc-ML-MIS,
	title        = {Asymptotic properties of the maximum likelihood estimation in misspecified hidden {M}arkov models},
	author       = {Douc, R. and Moulines, E.},
	year         = 2012,
	journal      = {Annals of Statistics},
	volume       = 40,
	number       = 5,
	pages        = {2697--2732}
}
@article{douc2004asymptotic,
  title={Asymptotic properties of the maximum likelihood estimator in autoregressive models with {Markov} regime},
  author={Douc, R. and Moulines, E. and Ryd{\'e}n, T.},
  year={2004}

}

@book{chopin2020introduction,
  title={An introduction to sequential Monte {Carlo}},
  author={Chopin, N. and Papaspiliopoulos, O. and others},
  volume={4},
  year={2020},
  publisher={Springer}
}

@article{le2008fuzzy,
	title        = {Fuzzy pairwise {M}arkov chain to segment correlated noisy data},
	author       = {Le Cam, S. and Salzenstein, F. and Collet, C.},
	year         = 2008,
	journal      = {Signal processing},
	publisher    = {Elsevier},
	volume       = 88,
	number       = 10,
	pages        = {2526--2541}
}
@article{chen2020modeling,
	title        = {Modeling repayment behavior of consumer loan in portfolio across Business Cycle: A Triplet {M}arkov Model Approach},
	author       = {Chen, S. and Jiang, X.},
	year         = 2020,
	journal      = {Complexity},
	publisher    = {Hindawi},
	volume       = 2020
}
@article{li2019adaptive,
	title        = {An adaptive and on-line {IMU}-based locomotion activity classification method using a triplet {Markov} model},
	author       = {Li, H. and Derrode, S. and Pieczynski, W.},
	year         = 2019,
	journal      = {Neurocomputing},
	publisher    = {Elsevier},
	volume       = 362,
	pages        = {94--105}
}
@article{Mohamed-DBN,
	title        = {Acoustic Modeling Using Deep Belief Networks},
	author       = {Mohamed, A. and Dahl, G. E. and Hinton, G.},
	year         = 2012,
	month        = jan,
	journal      = {IEEE Transactions on Audio, Speech and Langage Processing},
	volume       = 20,
	number       = 1,
	pages        = {14--22},
	issue_date   = {January 2012},
	numpages     = 9
}

@article{kantas2015particle,
  title={On particle methods for parameter estimation in state-space models},
  author={Kantas, N. and Doucet, A. and Singh, S. S. and Maciejowski, J. and Chopin, N.},
  year={2015},
  journal={Statistical Science},
  volume={30},
  number={3},
  pages={328--351}
}
@book{bremaud2017discrete,
  title={Discrete probability models and methods: probability on graphs and trees, {Markov} chains and random fields, entropy and coding},
  author={Br{\'e}maud, P.},
  volume={78},
  year={2017},
  publisher={Springer}
}


@inproceedings{Glorot,
	title        = {Understanding the difficulty of training deep feedforward neural networks},
	author       = {Glorot, X. and Bengio, Y.},
	year         = 2010,
	booktitle    = {Proceedings of the Thirteenth International Conference on Artificial Intelligence and Statistics, {AISTATS}},
	series       = {{JMLR} Proceedings},
	volume       = 9,
	pages        = {249--256}
}
@article{deep-SPM,
	title        = {Deep Neural Networks for Acoustic Modeling in Speech Recognition: The Shared Views of Four Research Groups},
	author       = {Hinton, G. E. and Deng, L. and Yu, D. and Dahl, G. E. and Mohamed A-R. and Jaitly, N. and Senior, A. and Vanhoucke, V. and Nguyen, P. and Sainath, T.N and Kingsbury, B.},
	year         = 2012,
	journal      = {IEEE Signal Processing Magazine},
	volume       = 29,
	number       = 6,
	pages        = {82--97}
}
@article{variational-EM,
	title        = {The variational approximation for {B}ayesian inference},
	author       = {Tzikas, D. G. and  Likas, A. C. and  Galatsanos, N. P.},
	year         = 2008,
	journal      = {IEEE Signal Processing Magazine},
	volume       = 25,
	number       = 6,
	pages        = {131--146}
}
@incollection{livredoucetshort,
	title        = {An Introduction to {S}equential {M}onte {Carlo} Methods},
	author       = {Doucet, A. and  de Freitas, N. and Gordon, N.},
	year         = 2001,
	booktitle    = {Sequential Monte {Carlo} Methods in Practice},
	publisher    = {Springer},
	series       = {Statistics for Engineering and Information Science},
	pages        = {3--14}
}
@article{Fearnhead-smoothing,
	title        = {A sequential smoothing algorithm with linear computational cost},
	author       = {Fearnhead, P. and Wyncoll, D. and Tawn, J.},
	year         = 2010,
	journal      = {Biometrika},
	volume       = 97,
	number       = 2,
	pages        = {447--464}
}
@misc{UCRArchive2018,
	title        = {The UCR Time Series Classification Archive},
	author       = {Dau, H. A. and Keogh, E. and Kamgar, K. and Yeh, C.-C. M. and Zhu, Y. and Gharghabi, S. and Ratanamahatana, C. A. and Y. and Hu, B. and Begum, N. and Bagnall, A. and Mueen, A. and Batista, G. and Hexagon-ML},
	year         = 2018,
	month        = {October},
	url          = {https://www.cs.ucr.edu/~eamonn/time_series_data_2018/}
}
@inproceedings{shi2014discriminative,
	title        = {Discriminative blur detection features},
	author       = {Shi, J. and Xu, L. and Jia, J.},
	year         = 2014,
	booktitle    = {Proceedings of the IEEE Conference on Computer Vision and Pattern Recognition},
	pages        = {2965--2972}
}
@article{LSTM,
	title        = {Long Short-Term Memory},
	author       = {Hochreiter, S. and Schmidhuber, J.},
	year         = 1997,
	journal      = {Neural Computation},
	volume       = 9,
	number       = 8,
	pages        = {1735--1780},
	optdoi       = {10.1162/neco.1997.9.8.1735},
	opteprint    = {http://dx.doi.org/10.1162/neco.1997.9.8.1735},
	opturl       = {http://dx.doi.org/10.1162/neco.1997.9.8.1735}
}
@inproceedings{GRU,
	title        = {Empirical evaluation of gated recurrent neural networks on sequence modeling},
	author       = {Chung, J. and Gulcehre, C. and Cho, K. and Bengio, Y.},
	year         = 2014,
	booktitle    = {NIPS 2014 Workshop on Deep Learning, December 2014},
	language     = {English (US)}
}
@article{reyes2016transition,
	title        = {Transition-Aware Human Activity Recognition Using Smartphones},
	author       = {Reyes-Ortiz, J.-L. and Oneto, L. and Sam\`{a}, A. and Parra, X. and Anguita, D.},
	year         = 2016,
	journal      = {Neurocomputing},
	publisher    = {Elsevier},
	volume       = 171,
	pages        = {754–767},
	issue_date   = {January 2016}
}
@article{desbouvries2022expressivity,
	title        = {Expressivity of Hidden {Markov} Chains vs. Recurrent Neural Networks from a system theoretic viewpoint},
	author       = {Desbouvries, Fran{\c{c}}ois and Petetin, Yohan and Sala{\"u}n, Achille},
	year         = 2022,
	journal      = {arXiv preprint arXiv:2208.08175}
}
@inproceedings{Jordan99anintroduction,
	title        = {An introduction to variational methods for graphical models},
	author       = {Michael, I. J. and Zoubin, G. and Jaakola, T. S. and Saul, L. K.},
	year         = 1999,
	booktitle    = {MACHINE LEARNING},
	publisher    = {MIT Press},
	pages        = {183--233}
}
@inproceedings{zhu2020s3vae,
	title        = {S3vae: Self-supervised sequential vae for representation disentanglement and data generation},
	author       = {Zhu, Yizhe and Min, Martin Renqiang and Kadav, Asim and Graf, Hans Peter},
	year         = 2020,
	booktitle    = {Proceedings of the IEEE/CVF Conference on Computer Vision and Pattern Recognition},
	pages        = {6538--6547}
}
@article{gatopoulos2021self,
	title        = {Self-supervised variational auto-encoders},
	author       = {Gatopoulos, Ioannis and Tomczak, Jakub M},
	year         = 2021,
	journal      = {Entropy},
	publisher    = {MDPI},
	volume       = 23,
	number       = 6,
	pages        = 747
}
@inproceedings{NEURIPS2019_9015,
	title        = {PyTorch: An Imperative Style, High-Performance Deep Learning Library},
	author       = {Paszke, Adam and Gross, Sam and Massa, Francisco and Lerer, Adam and Bradbury, James and Chanan, Gregory and Killeen, Trevor and Lin, Zeming and Gimelshein, Natalia and Antiga, Luca and Desmaison, Alban and Kopf, Andreas and Yang, Edward and DeVito, Zachary and Raison, Martin and Tejani, Alykhan and Chilamkurthy, Sasank and Steiner, Benoit and Fang, Lu and Bai, Junjie and Chintala, Soumith},
	year         = 2019,
	booktitle    = {Advances in Neural Information Processing Systems 32: Annual Conference on Neural Information Processing Systems}
}

@article{li2021new,
  title={A new algorithm to train hidden {Markov} models for biological sequences with partial labels},
  author={Li, Jiefu and Lee, Jung-Youn and Liao, Li},
  journal={BMC bioinformatics},
  volume={22},
  pages={1--21},
  year={2021},
  publisher={Springer}
}


@inproceedings{paul2015hidden,
  title={Hidden {Markov} model based part of speech tagging for Nepali language},
  author={Paul, Abhijit and Purkayastha, Bipul Syam and Sarkar, Sunita},
  booktitle={2015 international symposium on advanced computing and communication (isacc)},
  pages={149--156},
  year={2015},
  organization={IEEE}
}
@article{kupiec1992robust,
  title={Robust part-of-speech tagging using a hidden {Markov} model},
  author={Kupiec, Julian},
  journal={Computer speech \& language},
  volume={6},
  number={3},
  pages={225--242},
  year={1992},
  publisher={Elsevier}
}
@article{yoon2009hidden,
  title={Hidden {Markov} models and their applications in biological sequence analysis},
  author={Yoon, Byung-Jun},
  journal={Current genomics},
  volume={10},
  number={6},
  pages={402--415},
  year={2009},
  publisher={Bentham Science Publishers}
}

@book{fausett2006fundamentals,
  title={Fundamentals of neural networks: architectures, algorithms and applications},
  author={Fausett, Laurene V},
  year={1994},
  publisher={Pearson Education India}
}
@article{medsker2001recurrent,
  title={Recurrent neural networks},
  author={Medsker, L. R. and Jain, L.C.},
  journal={Design and Applications},
  volume={5},
  number={64-67},
  pages={2},
  year={2001}
}

@article{desbouvries2003modeles,
  title={Mod{\`e}les de {Markov} triplet et filtrage de Kalman},
  author={Desbouvries, F. and Pieczynski, W.},
  journal={Comptes Rendus Mathematique},
  volume={336},
  number={8},
  pages={667--670},
  year={2003},
  publisher={Elsevier}
}

@article{ait2006kalman,
  title={Kalman filtering in triplet {Markov} chains},
  author={Ait-El-Fquih, Boujemaa and Desbouvries, Fran{\c{c}}ois},
  journal={IEEE Transactions on Signal Processing},
  volume={54},
  number={8},
  pages={2957--2963},
  year={2006},
  publisher={IEEE}
}
@inproceedings{abbassi2011kalman,
  title={Kalman filtering approximations in triplet {Markov} Gaussian switching models},
  author={Abbassi, Noufel and Benboudjema, Dalila and Pieczynski, Wojciech},
  booktitle={2011 IEEE Statistical Signal Processing Workshop (SSP)},
  pages={77--80},
  year={2011},
  organization={IEEE}
}
@article{shewalkar2019performance,
  title={Performance evaluation of deep neural networks applied to speech recognition: RNN, LSTM and GRU},
  author={Shewalkar, Apeksha and Nyavanandi, Deepika and Ludwig, Simone A},
  journal={Journal of Artificial Intelligence and Soft Computing Research},
  volume={9},
  number={4},
  pages={235--245},
  year={2019}
}
@inproceedings{kombrink2011recurrent,
  title={Recurrent Neural Network Based Language Modeling in Meeting Recognition.},
  author={Kombrink, Stefan and Mikolov, Tomas and Karafi{\'a}t, Martin and Burget, Luk{\'a}s},
  booktitle={Interspeech},
  volume={11},
  pages={2877--2880},
  year={2011}
}

@inproceedings{xiao2020research,
  title={Research progress of RNN language model},
  author={Xiao, Jianqiong and Zhou, Zhiyong},
  booktitle={2020 IEEE International Conference on Artificial Intelligence and Computer Applications (ICAICA)},
  pages={1285--1288},
  year={2020},
  organization={IEEE}
}
@inproceedings{sundermeyer2014translation,
  title={Translation modeling with bidirectional recurrent neural networks},
  author={Sundermeyer, Martin and Alkhouli, Tamer and Wuebker, Joern and Ney, Hermann},
  booktitle={Proceedings of the 2014 conference on empirical methods in natural language processing (EMNLP)},
  pages={14--25},
  year={2014}
}
@article{sherstinsky2020fundamentals,
  title={Fundamentals of recurrent neural network (RNN) and long short-term memory (LSTM) network},
  author={Sherstinsky, Alex},
  journal={Physica D: Nonlinear Phenomena},
  volume={404},
  pages={132306},
  year={2020},
  publisher={Elsevier}
}

@book{robinson1987utility,
  title={The utility driven dynamic error propagation network},
  author={Robinson, Anthony J and Fallside, Frank},
  volume={1},
  year={1987},
  publisher={University of Cambridge Department of Engineering Cambridge}
}
@article{werbos1990backpropagation,
  title={Backpropagation through time: what it does and how to do it},
  author={Werbos, Paul J},
  journal={Proceedings of the IEEE},
  volume={78},
  number={10},
  pages={1550--1560},
  year={1990},
  publisher={IEEE}
}

@incollection{mozer2013focused,
  title={A focused backpropagation algorithm for temporal pattern recognition},
  author={Mozer, Michael C},
  booktitle={Backpropagation},
  pages={137--169},
  year={2013},
  publisher={Psychology Press}
}

@article{li2001new,
  title={New edge-directed interpolation},
  author={Li, Xin and Orchard, Michael T},
  journal={IEEE transactions on image processing},
  volume={10},
  number={10},
  pages={1521--1527},
  year={2001},
  publisher={IEEE}
}

@article{joshi2005learning,
  title={A learning-based method for image super-resolution from zoomed observations},
  author={Joshi, Manjunath V and Chaudhuri, Subhasis and Panuganti, Rajkiran},
  journal={IEEE Transactions on Systems, Man, and Cybernetics, Part B (Cybernetics)},
  volume={35},
  number={3},
  pages={527--537},
  year={2005},
  publisher={IEEE}
}
@article{nassif2019speech,
  title={Speech recognition using deep neural networks: A systematic review},
  author={Nassif, Ali Bou and Shahin, Ismail and Attili, Imtinan and Azzeh, Mohammad and Shaalan, Khaled},
  journal={IEEE access},
  volume={7},
  pages={19143--19165},
  year={2019},
  publisher={IEEE}
}

@article{huang2023comparative,
  title={Comparative Study of Deep Learning Neural Networks for Image Classification},
  author={Huang, Lanqin},
  journal={Highlights in Science, Engineering and Technology},
  volume={62},
  pages={78--83},
  year={2023}
}
@article{li2018deep,
  title={Deep learning for natural language processing: advantages and challenges},
  author={Li, Hang},
  journal={National Science Review},
  volume={5},
  number={1},
  pages={24--26},
  year={2018},
  publisher={Oxford University Press}
}

@article{girin2020dynamical,
  title={Dynamical variational autoencoders: A comprehensive review},
  author={Girin, Laurent and Leglaive, Simon and Bie, Xiaoyu and Diard, Julien and Hueber, Thomas and Alameda-Pineda, Xavier},
  journal={arXiv preprint arXiv:2008.12595},
  year={2020}
}
@article{goodfellow2020generative,
  title={Generative adversarial networks},
  author={Goodfellow, Ian and Pouget-Abadie, Jean and Mirza, Mehdi and Xu, Bing and Warde-Farley, David and Ozair, Sherjil and Courville, Aaron and Bengio, Yoshua},
  journal={Communications of the ACM},
  volume={63},
  number={11},
  pages={139--144},
  year={2020},
  publisher={ACM New York, NY, USA}
}
@article{harshvardhan2020comprehensive,
  title={A comprehensive survey and analysis of generative models in machine learning},
  author={Harshvardhan, GM and Gourisaria, Mahendra Kumar and Pandey, Manjusha and Rautaray, Siddharth Swarup},
  journal={Computer Science Review},
  volume={38},
  pages={100285},
  year={2020},
  publisher={Elsevier}
}